NAVIGATION REINFORCEMENT LEARNING

@misc{buzzicotti2021optimal,
	title={Optimal control of point-to-point navigation in turbulent time-dependent flows using Reinforcement Learning}, 
	author={Buzzicotti, Michele and Biferale, Luca and Bonaccorso, Fabio and {Di Leoni}, {Patricio Clark} and Gustavsson, Kristian},
	year={2021},
	eprint={2103.00329},
	archivePrefix={arXiv},
	primaryClass={eess.SY}
}


@article{doi:10.1063/1.5120370,
	author = {Biferale, Luca  and Bonaccorso, Fabio and Buzzicotti, Michele and {Di Leoni}, {Patricio Clark} and Gustavsson, Kristian},
	title = {Zermelo’s problem: Optimal point-to-point navigation in 2D turbulent flows using reinforcement learning},
	journal = {Chaos: An Interdisciplinary Journal of Nonlinear Science},
	volume = {29},
	number = {10},
	pages = {103138},
	year = {2019},
	doi = {10.1063/1.5120370},
	URL = {https://doi.org/10.1063/1.5120370},
	eprint = {https://doi.org/10.1063/1.5120370}	
}


CONVECTION REINFORCEMENT LEARNING


@article{beintema2020_convectioncontrol,
	author = {Beintema, Gerben and Corbetta, Alessandro and Biferale, Luca and Toschi, Federico},
	title = {Controlling Rayleigh–Bénard convection via reinforcement learning},
	journal = {Journal of Turbulence},
	volume = {21},
	number = {9-10},
	pages = {585-605},
	year  = {2020},
	publisher = {Taylor & Francis},
	doi = {10.1080/14685248.2020.1797059},
	URL = {https://doi.org/10.1080/14685248.2020.1797059},
	eprint = {https://doi.org/10.1080/14685248.2020.1797059}
}



TURBOLENT FLOW DATA RECONSTRUCTION VIA NNs & ML

@misc{buzzicotti2020reconstruction,
	title={Reconstruction of turbulent data with deep generative models for semantic inpainting from TURB-Rot database}, 
	author={Buzzicotti, Michele and Bonaccorso, Fabio and {Di Leoni}, {Patricio Clark} and Biferale, Luca},
	year={2020},
	eprint={2006.09179},
	archivePrefix={arXiv},
	primaryClass={physics.flu-dyn}
}

---------- CITATI DA BIFERALE


@article{fukami_fukagata_taira_2019, 
	title={Super-resolution reconstruction of turbulent flows with machine learning}, 
	volume={870}, 
	DOI={10.1017/jfm.2019.238}, 
	journal={Journal of Fluid Mechanics}, 
	publisher={Cambridge University Press}, 
	author={Fukami, Kai and Fukagata, Koji and Taira, Kunihiko}, year={2019}, 
	pages={106–120}
}

@article{PhysRevFluids.4.103907,
	title = {Robust flow reconstruction from limited measurements via sparse representation},
	author = {Callaham, Jared L. and Maeda, Kazuki and Brunton, Steven L.},
	journal = {Phys. Rev. Fluids},
	volume = {4},
	issue = {10},
	pages = {103907},
	numpages = {33},
	year = {2019},
	month = {Oct},
	publisher = {American Physical Society},
	doi = {10.1103/PhysRevFluids.4.103907},
	url = {https://link.aps.org/doi/10.1103/PhysRevFluids.4.103907}
}







TURBOLENT DATA NUDGING (NO NNs)

@article{PhysRevX.10.011023,
	title = {Synchronization to Big Data: Nudging the Navier-Stokes Equations for Data Assimilation of Turbulent Flows},
	author = {{Di Leoni}, {Patricio Clark} and Mazzino, Andrea and Biferale, Luca},
	journal = {Phys. Rev. X},
	volume = {10},
	issue = {1},
	pages = {011023},
	numpages = {15},
	year = {2020},
	month = {Feb},
	publisher = {American Physical Society},
	doi = {10.1103/PhysRevX.10.011023},
	url = {https://link.aps.org/doi/10.1103/PhysRevX.10.011023}
}

