@Book{FFNAdler,
	author = {P.M. Adler},
	title = {Fractures and Fracture Networks},
	publisher = {Kluwer Academic, Dordrecht},
	year = {1999},
}

@article{Camm2007,
	year={2007},
	issn={0723-2632},
	journal={Rock Mechanics and Rock Engineering},
	volume={40},
	number={1},
	doi={http://dx.doi.org/10.1007/s00603-006-0081-z},
	title={The Hydro-Mechanically Coupled Response of Rock Fractures},
	publisher={Springer-Verlag},
	keywords={Keywords: BEM-FEM code; fractured rock hydrogeology, hydro-mechanical (HM) coupling.},
	author={Cammarata, G. and Fidelibus, C. and Cravero, M. and Barla, G.},
	pages={41-61},
	language={English},
}

@book {Fidelibus2009,
	AUTHOR = {C. Fidelibus and G. Cammarata and M. Cravero},
	TITLE = {Hydraulic characterization of fractured rocks. In: Abbie M, Bedford JS (eds) Rock mechanics: new research.},
	publisher = {Nova Science Publishers Inc., New York},
	year = {2009},
}

@Article{P1,
	author = { Pichot, G. and  Erhel, J. and de Dreuzy, J.},
	title = {A mixed hybrid Mortar method for solving flow in discrete fracture networks},
	JOURNAL = {Applicable Analysis},
	VOLUME = {89},
	YEAR = {2010},
	PAGES = {1629 -- 643},
	doi = {http://dx.doi.org/10.1080/00036811.2010.495333}
}

@Article{P2,
	author = {Pichot, G. and  Erhel, J. and de Dreuzy, J.},
	title = {A generalized mixed hybrid mortar method for solving flow in stochastic discrete fracture networks},
	JOURNAL = {SIAM Journal on scientific computing},
	VOLUME = {34},
	YEAR = {2012},
	PAGES = {B86 -- B105},
	doi   = {http://dx.doi.org/10.1137/100804383}
}

@article{deDreuzy13,
	title = {Synthetic benchmark for modeling flow in 3{D} fractured media },
	journal = {Computers \& Geosciences },
	volume = {50},
	number = {0},
	pages = {59 - 71},
	year = {2013},
	author = {J.R. de Dreuzy and G. Pichot and B. Poirriez and J. Erhel},
}

@incollection{BDD,
	author={G. Pichot and B. Poirriez and J. Erhel and J.R. de Dreuzy},
	title = {A {Mortar} {BDD} method for solving flow in stochastic discrete fracture networks},
	booktitle={Domain Decomposition Methods in Science and Engineering XXI},
	pages = {99--112},
	note = {Lecture Notes in Computational Science and Engineering},
	publisher = {Springer}, 
	year = 2014
}

@article {NOETJCP12,
	AUTHOR = {N{\oe}tinger, B. and Jarrige, N.},
	TITLE = {A quasi steady state method for solving transient {D}arcy flow
	in complex 3{D} fractured networks},
	JOURNAL = {J. Comput. Phys.},
	FJOURNAL = {Journal of Computational Physics},
	VOLUME = {231},
	YEAR = {2012},
	NUMBER = {1},
	PAGES = {23--38},
	ISSN = {0021-9991},
	doi   = {http://dx.doi.org/10.1016/j.jcp.2011.08.015}
}

@article {NOETJCP15,
	AUTHOR = {N{\oe}tinger, B.},
	TITLE = {A quasi steady state method for solving transient {D}arcy flow in complex 3{D} fractured networks accounting for matrix to fracture flow},
	JOURNAL = {J. Comput. Phys.},
	FJOURNAL = {Journal of Computational Physics},
	VOLUME = {283},
	YEAR = {2015},
	NUMBER = {},
	PAGES = {205--223},
	ISSN = {0021-9991},
	doi = {http://dx.doi.org/10.1016/j.jcp.2014.11.038}
}

@Article{DF99,
	author = {Dershowitz, W.S. and Fidelibus, C.},
	title = {Derivation of equivalent pipe networks analogues for three-dimensional discrete fracture networks by the boundary element method},
	journal = {Water Resource Res.},
	year = {1999},
	volume = {35},
	pages = {2685-2691},
	doi = {http://dx.doi.org/10.1029/1999WR900118}
}

@article{Gable,
	author = {Hyman, J.D. and Gable, C.W. and Painter, S.L. and Makedonska, N.},
	title = {Conforming {Delaunay} Triangulation of Stochastically Generated Three Dimensional Discrete Fracture Networks: a Feature Rejection Algorithm for Meshing Strategy},
	journal = {SIAM Journal on Scientific Computing},
	volume = 36,
	issue = 4,
	year = 2014,
	pages = {A1871--A1894},
	doi = {http://dx.doi.org/10.1137/130942541}
}

@article{FS13,
	author = {Fumagalli, A. and Scotti, A.},
	title = {A numerical method for two-phase flow in fractured porous media with non-matching grids},
	journal = {Advances in Water Resources},
	volume = 62,
	pages = {454 - 464},
	year = 2013,
	issn = {0309-1708},
	doi = {http://dx.doi.org/10.1016/j.advwatres.2013.04.001},
}


@article{jaffre2012modeling,
	author = {Jaffr{\'e}, J. and Roberts, J.E.},
	title =	 {Modeling flow in porous media with fractures;	Discrete fracture models with matrix-fracture exchange},
	journal = {Numerical Analysis and Applications},
	volume = 5,
	number = 2,
	pages = {162--167},
	year = 2012,
	publisher =	{Springer}
}

@inproceedings{karimi2014unstructured,
	author = {Karimi-Fard, M. and Durlofsky, L.J.},
	title =	{Unstructured Adaptive Mesh Refinement for Flow in Heterogeneous Porous Media},
	booktitle =	 {ECMOR XIV-14th European conference on the mathematics of oil recovery},
	year = 2014
}

@article{HymanGraph,
	author = {Hyman, J.D. and Hagberg, A. and Srinivasan, G. and Mohd-Yusof, J. and Viswanathan, H.},
	title = {Predictions of first passage times in sparse discrete fracture networks using graph-based reductions},
	journal = {Phys. Rev. E},
	volume = {96},
	issue = {1},
	pages = {013304},
	year = {2017},
	month = {Jul},
	publisher = {American Physical Society},
	doi = {10.1103/PhysRevE.96.013304},
	url = {https://link.aps.org/doi/10.1103/PhysRevE.96.013304},
}

@Article{HymanMLNature,
	author = {Srinivasan, G. and Hyman, J.D. and Osthus, D.A. and Moore, B.A. and Oâ€™Malley, D.and Karra, S. and Rougier, E. and Hagberg, A.A. and Hunter, A. and Viswanathan, H.S.},
	title = {Quantifying Topological Uncertainty in Fractured Systems using Graph Theory and Machine Learning},
	journal = {Scientific Reports},
	year = {2018},
	vol=8,
	pages=11665
}


@article{Valera2018,
	archivePrefix = {arXiv},
	arxivId = {1705.09866},
	author = {Valera, Manuel and Guo, Zhengyang and Kelly, Priscilla and Matz, Sean and Cantu, Vito Adrian and Percus, Allon G. and Hyman, Jeffrey D. and Srinivasan, Gowri and Viswanathan, Hari S.},
	doi = {10.1007/s10596-018-9720-1},
	eprint = {1705.09866},
	issn = {1420-0597},
	journal = {Computational Geosciences},
	keywords = {Centrality,Discrete fracture networks,Machine learning,Random forest,Support vector machines},
	month = {jun},
	number = {3},
	pages = {695--710},
	publisher = {Computational Geosciences},
	title = {{Machine learning for graph-based representations of three-dimensional discrete fracture networks}},
	url = {http://link.springer.com/10.1007/s10596-018-9720-1},
	volume = {22},
	year = {2018}
}


@article{Hyman2018_bipartitegraph,
	author = {Hyman, Jeffrey D. and Hagberg, Aric and Osthus, Dave and Srinivasan, Shriram and {Vi\-swa\-na\-than}, Hari and Srinivasan, Gowri},
	doi = {10.1137/18m1180207},
	issn = {1540-3459},
	journal = {Multiscale Modeling \& Simulation},
	keywords = {05c22,05c40,05c62,05c90,10,1137,18m1180207,ams subject classifications,bipartite,discrete fracture networks,doi,graph theory,graphs,subsurface flow and transport,system reduction},
	number = {4},
	pages = {1948--1968},
	title = {{Identifying Backbones in Three-Dimensional Discrete Fracture Networks: A Bipartite Graph-Based Approach}},
	volume = {16},
	year = {2018}
}


@article{Hyman2017_graphbased,
	author = {Hyman, Jeffrey D. and Hagberg, Aric and Srinivasan, Gowri and Mohd-Yusof, Jamaludin and Viswanathan, Hari},
	doi = {10.1103/PhysRevE.96.013304},
	issn = {24700053},
	journal = {Physical Review E},
	number = {1},
	pages = {1--10},
	title = {{Predictions of first passage times in sparse discrete fracture networks using graph-based reductions}},
	volume = {96},
	year = {2017}
}

@article{Hyman2017_bckbnparticletransp,  
	author={G. {Aldrich} and J. D. {Hyman} and S. {Karra} and C. W. {Gable} and N. {Makedonska} and H. {Viswanathan} and J. {Woodring} and B. {Hamann}},  
	journal={IEEE Transactions on Visualization and Computer Graphics},   
	title={Analysis and Visualization of Discrete Fracture Networks Using a Flow Topology Graph},   
	year={2017},  
	volume={23},  
	number={8},  
	pages={1896-1909},}

@article{Srinivasan2019,
	author={Srinivasan, S. and Karra, S. and Hyman, J. and Viswanathan, H. and Srinivasan, G.},
	title={Model reduction for fractured porous media: a machine learning approach for identifying main flow pathways},
	journal={Computational Geosciences},
	year={2019},
	month={Mar},
	day={02},
	issn={1573-1499},
	doi={10.1007/s10596-019-9811-7},
	url={https://doi.org/10.1007/s10596-019-9811-7},
	note={}
}

@article{Srinivasan2020,
	author = {Srinivasan, Shriram and Cawi, Eric and Hyman, Jeffrey and Osthus, Dave and Hagberg, Aric and Viswanathan, Hari and Srinivasan, Gowri},
	doi = {10.1007/s10596-020-09962-5},
	issn = {1420-0597},
	journal = {Computational Geosciences},
	keywords = {Discrete fracture networks,Fractured porous media,Physics-informed,Data-driven,Machine learning,Classification,data-driven,discrete fracture networks,fractured porous media,machine learning,physics-informed},
	number = {Mc},
	publisher = {Computational Geosciences},
	title = {{Physics-informed machine learning for backbone identification in discrete fracture networks}},
	year = {2020}
}


@article{Xminremesh,
	author = {Belytschko, Ted and Black, T. },
	title = {Elastic Crack Growth in Finite Elements with Minimal Remeshing },
	JOURNAL = {Internat. J. Numer. Methods Engrg.},
	fjournal = {International Journal for Numerical Methods in Engineering},
	volume = {45},
	number = {},
	year = {1999},
	issn = {00295981, 10970207},
	pages = {601--620},
	doi = {},
	publisher = {John Wiley \& Sons Inc.},
	address = {Hoboken, NJ, USA},
}

@article {review,
	AUTHOR = {Fries, Thomas-Peter and Belytschko, Ted},
	TITLE = {The extended/generalized finite element method: an overview of the method and its applications},
	JOURNAL = {Internat. J. Numer. Methods Engrg.},
	FJOURNAL = {International Journal for Numerical Methods in Engineering},
	VOLUME = {84},
	YEAR = {2010},
	NUMBER = {3},
	PAGES = {253--304},
	ISSN = {0029-5981},
	CODEN = {IJNMBH},
	MRCLASS = {65N30 (74S05)},
	MRNUMBER = {2732652 (2011f:65258)},
	DOI = {http://dx.doi.org/10.1002/nme.2914}
}

@Article{Ahmad2013,
	author = {Ahmad, B. and Alsaedi, A. and Brezzi, F. and Marini,
	L. D. and Russo, A.},
	title =	{Equivalent projectors for virtual element methods},
	journal ={Computers \& Mathematics with Applications},
	year = 2013,
	volume = 66,
	issue =	3,
	month =	{September},
	pages =	{376--391}
}

@Article{Beirao2013a,
	Title =	{Basic principles of virtual element methods},
	Author = {{Beir\~{a}o da Veiga}, L. and Brezzi, F. and
	Cangiani, A. and Manzini, G. and Marini, L. D. and
	Russo, A.},
	Journal = {Mathematical Models and Methods in Applied Sciences},
	Year = 2013,
	Number = 01,
	Pages = {199--214},
	Volume = 23,
	Keywords = {VEM},
	url = {http://www.worldscientific.com/doi/abs/10.1142/S0218202512500492},
	doi = {10.1142/S0218202512500492}
}

@TechReport{skb,
	author = {{Svensk K\"arnbr\"anslehantering AB}},
	title = {Data report for the safety assessment, {SR}-site},
	institution = {SKB, Stockholm, Sweden},
	year = {2010},
	number={TR-10-52},
}

@Article{Hyman2016,
	author = {J. D. Hyman and G. Aldrich and H. Viswanathan and N. Makedonska and S. Karra},
	title = {Fracture size and transmissivity correlations: Implications for
	transport simulations in sparse three-dimensional discrete
	fracture networks following a truncated power law distribution
	of fracture size},
	journal = {Water Resources Research},
	year = {2016}
}

@article{Sanchez-Vila2006,
	author = {Sanchez-Vila, Xavier and Guadagnini, Alberto and Carrera, Jesus},
	doi = {10.1029/2005RG000169},
	issn = {87551209},
	journal = {Reviews of Geophysics},
	number = {3},
	pages = {1--46},
	title = {{Representative hydraulic conductivities in saturated grqundwater flow}},
	volume = {44},
	year = {2006}
}