@article{Wang2022,
	author = {Wang, Shuyi and Zhou, Zixu and Chang, Lo-Bin and Xiu, Dongbin},
	doi = {10.1007/s10915-022-01804-z},
	issn = {0885-7474},
	journal = {Journal of Scientific Computing},
	keywords = {convolution neural network,deep neural network,discontinuity detection,troubled},
	month = {may},
	number = {2},
	pages = {40},
	title = {{Construction of discontinuity detectors using convolutional neural networks}},
	volume = {91},
	year = {2022}
}



@article{Shen2021_FloorActFunc,
	author = {Shen, Zuowei and Yang, Haizhao and Zhang, Shijun},
	doi = {10.1162/neco_a_01364},
	issn = {0899-7667},
	journal = {Neural Computation},
	month = {mar},
	number = {4},
	pages = {1005--1036},
	title = {{Deep Network With Approximation Error Being Reciprocal of Width to Power of Square Root of Depth}},
	url = {},
	volume = {33},
	year = {2021}
}



@article{Petersen2018_piecewise,
archivePrefix = {arXiv},
arxivId = {1709.05289},
author = {Petersen, Philipp and Voigtlaender, Felix},
doi = {10.1016/j.neunet.2018.08.019},
eprint = {1709.05289},
issn = {18792782},
journal = {Neural Networks},
keywords = {Curse of dimension,Deep neural networks,Function approximation,Metric entropy,Piecewise smooth functions,Sparse connectivity},
pages = {296--330},
publisher = {Elsevier Ltd},
title = {{Optimal approximation of piecewise {smoo\-th} functions using deep ReLU neural networks}},
url = {https://doi.org/10.1016/j.neunet.2018.08.019},
volume = {108},
year = {2018}
}




@article{Imaizumi2019_piecewise,
author = {Imaizumi, Masaaki},
journal = {Proceedings of Machine Learning Research},
pages = {869--878},
title = {{Deep Neural Networks Learn Non-Smooth Functions Effectively}},
volume = {89},
year = {2019}
}



@article{Archibald2005,
	author = {Archibald, Rick and Gelb, Anne and Yoon, Jungho},
	doi = {10.1137/S0036142903435259},
	isbn = {0036142903435},
	issn = {00361429},
	journal = {SIAM Journal on Numerical Analysis},
	keywords = {Minmod function,Multivariate edge detection,Newton divided differencing,Non-uniform grids},
	number = {1},
	pages = {259--279},
	title = {{Polynomial fitting for edge detection in irregularly sampled signals and images}},
	volume = {43},
	year = {2005}
}

@article{Archibald2009,
author = {Archibald, Rick and Gelb, Anne and Saxena, Rishu and Xiu, Dongbin},
doi = {10.1016/j.jcp.2009.01.001},
issn = {10902716},
journal = {Journal of Computational Physics},
keywords = {Generalized polynomial chaos method,Multivariate edge detection,Stochastic partial differential equations},
number = {7},
pages = {2676--2689},
publisher = {Elsevier Inc.},
title = {{Discontinuity detection in multivariate space for stochastic simulations}},
url = {http://dx.doi.org/10.1016/j.jcp.2009.01.001},
volume = {228},
year = {2009}
}





@article{Jakeman2011,
author = {Jakeman, John D. and Archibald, Richard and Xiu, Dongbin},
doi = {10.1016/j.jcp.2011.02.022},
issn = {10902716},
journal = {Journal of Computational Physics},
keywords = {Adaptive sparse grids,Generalized polynomial chaos method,High-dimensional approximation,Multivariate discontinuity detection,Stochastic partial differential equations},
number = {10},
pages = {3977--3997},
publisher = {Elsevier Inc.},
title = {{Characterization of discontinuities in high-dimensional stochastic problems on adaptive sparse grids}},
url = {http://dx.doi.org/10.1016/j.jcp.2011.02.022},
volume = {230},
year = {2011}
}



@article{JAKEMAN2013,
	title = {Minimal multi-element stochastic collocation for uncertainty quantification of discontinuous functions},
	journal = {Journal of Computational Physics},
	volume = {242},
	pages = {790 - 808},
	year = {2013},
	doi = {https://doi.org/10.1016/j.jcp.2013.02.035},
	author = {Jakeman, John D. and Narayan, Akil and Xiu, Dongbin}
}



@article{Candes2003Ridgelets,
	author = {Cand{\`{e}}s, Emmanuel J.},
	doi = {10.1214/aos/1065705119},
	issn = {00905364},
	journal = {Annals of Statistics},
	keywords = {Edges,Minimax decision theory,Nonparametric regression,Projection pursuit regression,Radon transform,Ridge functions,Ridgelets,Spatial inhomogeneities,Thresholding of ridgelet coefficients},
	number = {5},
	pages = {1561--1599},
	title = {{Ridgelets: Estimating with ridge functions}},
	volume = {31},
	year = {2003}
}


@article{Zhang2000_LBFGSforDiscontinuous,
	author = {Zhang, S. and Zou, X. and Ahlquist, J. and Navon, I. M. and Sela, J. G.},
	doi = {10.1175/1520-0493(2000)129<4031:UODANO>2.0.CO;2},
	issn = {00270644},
	journal = {Monthly Weather Review},
	number = {12},
	pages = {4031--4044},
	title = {{Use of differentiable and nondifferentiable optimization algorithms for variational data assimilation with discontinuous cost functions}},
	volume = {128},
	year = {2000}
}

@article{ZWGB2016,
author = {Zhang, Guannan and Webster, Clayton G. and Gunzbuerger, Max and Burkardt, John},
journal = {SIAM Review},
title = {Hyperspherical sparse approximation techniques for high-dimensional discontinuity detection},
volume = {58},
number = 3,
pages = {517-551},
year = 2016,
}

@Unpublished{MOPS,
	author = {Marcati, C. and Opschoor, J. A. and  Petersen, P. C. and  Schwab, C.},
	title = {Exponential relu neural network approximation rates for point and edge singularities},
	note = {arXiv preprint arXiv:2010.12217},
	year = {2020}
}

@Unpublished{IF,
	author = {Imaizumi, M. and  Fukumizu, K.},
	title = {Advantage of deep neural networks for estimating functions with singularity on curves},
	note = {arXiv preprint arXiv:2011.02256},
	year = {2020}
}