@article{Ferrara2018ZEB,
	author = {Maria Ferrara and Elisa Sirombo and Enrico Fabrizio},
	title = {Energy-optimized versus cost-optimized design of high-performing dwellings: The case of multifamily buildings},
	journal = {Science and Technology for the Built Environment},
	volume = {24},
	number = {5},
	pages = {513-528},
	year  = {2018},
	publisher = {Taylor & Francis},
	doi = {10.1080/23744731.2018.1448656},
	URL = { 
	https://doi.org/10.1080/23744731.2018.1448656
	},
	eprint = { 
	https://doi.org/10.1080/23744731.2018.1448656
	}
}


@article{Bilardo2020ZEB,
	title = {Performance assessment and optimization of a solar cooling system to satisfy renewable energy ratio (RER) requirements in multi-family buildings},
	journal = {Renewable Energy},
	volume = {155},
	pages = {990-1008},
	year = {2020},
	issn = {0960-1481},
	doi = {https://doi.org/10.1016/j.renene.2020.03.044},
	url = {https://www.sciencedirect.com/science/article/pii/S0960148120303669},
	author = {Matteo Bilardo and Maria Ferrara and Enrico Fabrizio},
	keywords = {Absorption cycle, TRNSYS modelling, Energy optimization, Global cost, Renewable energy, NZEB},
}

@techreport{Ferrara2019ZEB,
	author = {Ferrara, Maria},
	title = {Simulation-based optimization for NZEB design: insights and beyond},
	institution = {Politecnico di Torino (PORTO@iris)},
	year = {2019},
	fields = {},
	type = {},
	number = {},
	address = {},
	month = {},
	note = {},
	key = {}
}


@Article{Fabrizio2020ZEB,
AUTHOR = {Fabrizio, Enrico},
TITLE = {Zero Energy Buildings: A Reached Target or a Starting Point?},
JOURNAL = {Applied Sciences},
VOLUME = {10},
YEAR = {2020},
NUMBER = {2},
ARTICLE-NUMBER = {512},
URL = {https://www.mdpi.com/2076-3417/10/2/512},
ISSN = {2076-3417},
ABSTRACT = {The debate about zero energy buildings (ZEBs) has been one of the main new drivers of innovation in the construction industry around the world in the past decade [...]},
DOI = {10.3390/app10020512}
}


@article{Dagostino2019ZEB,
	title = {What is a Nearly zero energy building? Overview, implementation and comparison of definitions},
	journal = {Journal of Building Engineering},
	volume = {21},
	pages = {200-212},
	year = {2019},
	issn = {2352-7102},
	doi = {https://doi.org/10.1016/j.jobe.2018.10.019},
	url = {https://www.sciencedirect.com/science/article/pii/S2352710218306053},
	author = {Delia D'Agostino and Livio Mazzarella},
	keywords = {Energy efficiency policy, Buildings energy consumption, Nearly zero energy buildings (NZEBs) definitions and implementation, Primary energy, Primary energy conversion factors},
}

@article{Attia2013ZEB,
	title = {Assessing gaps and needs for integrating building performance optimization tools in net zero energy buildings design},
	journal = {Energy and Buildings},
	volume = {60},
	pages = {110-124},
	year = {2013},
	issn = {0378-7788},
	doi = {https://doi.org/10.1016/j.enbuild.2013.01.016},
	url = {https://www.sciencedirect.com/science/article/pii/S0378778813000339},
	author = {Shady Attia and Mohamed Hamdy and William O’Brien and Salvatore Carlucci},
	keywords = {Simulation-based optimization, Zero energy buildings, Evolutionary algorithms, Needs, Gaps, Review, Interview},
}


@article{Longo2019ZEB,
	title = {A review on optimization and cost-optimal methodologies in low-energy buildings design and environmental considerations},
	journal = {Sustainable Cities and Society},
	volume = {45},
	pages = {87-104},
	year = {2019},
	issn = {2210-6707},
	doi = {https://doi.org/10.1016/j.scs.2018.11.027},
	url = {https://www.sciencedirect.com/science/article/pii/S2210670718320353},
	author = {Sonia Longo and Francesco Montana and Eleonora {Riva Sanseverino}},
	keywords = {BPS, Cost-optimal, Low-energy buildings, Multi-objective, NSGA II, NZEB, Optimization, Review},
}


@article{Harkouss2018ZEB,
	title = {Multi-objective optimization methodology for net zero energy buildings},
	journal = {Journal of Building Engineering},
	volume = {16},
	pages = {57-71},
	year = {2018},
	issn = {2352-7102},
	doi = {https://doi.org/10.1016/j.jobe.2017.12.003},
	url = {https://www.sciencedirect.com/science/article/pii/S2352710217304692},
	author = {Fatima Harkouss and Farouk Fardoun and Pascal Henry Biwole},
	keywords = {Net zero energy building, Optimization, Decision making, Climate, Passive measures, Life cycle cost, Renewable energy systems},
}



@article{DeCarolis2017ZEB,
	title = {Formalizing best practice for energy system optimization modelling},
	journal = {Applied Energy},
	volume = {194},
	pages = {184-198},
	year = {2017},
	issn = {0306-2619},
	doi = {https://doi.org/10.1016/j.apenergy.2017.03.001},
	url = {https://www.sciencedirect.com/science/article/pii/S0306261917302192},
	author = {Joseph DeCarolis and Hannah Daly and Paul Dodds and Ilkka Keppo and Francis Li and Will McDowall and Steve Pye and Neil Strachan and Evelina Trutnevyte and Will Usher and Matthew Winning and Sonia Yeh and Marianne Zeyringer},
	keywords = {Energy system models, Uncertainty, Modelling guidance},
}


@article{Shi2016,
	title = {A review on building energy efficient design optimization rom the perspective of architects},
	journal = {Renewable and Sustainable Energy Reviews},
	volume = {65},
	pages = {872-884},
	year = {2016},
	issn = {1364-0321},
	doi = {https://doi.org/10.1016/j.rser.2016.07.050},
	url = {https://www.sciencedirect.com/science/article/pii/S136403211630377X},
	author = {Xing Shi and Zhichao Tian and Wenqiang Chen and Binghui Si and Xing Jin},
	keywords = {Energy efficient, Design optimization, Energy simulation, Green building},
}


@article{Tian2018,
	title = {Towards adoption of building energy simulation and optimization for passive building design: A survey and a review},
	journal = {Energy and Buildings},
	volume = {158},
	pages = {1306-1316},
	year = {2018},
	issn = {0378-7788},
	doi = {https://doi.org/10.1016/j.enbuild.2017.11.022},
	url = {https://www.sciencedirect.com/science/article/pii/S0378778817317899},
	author = {Zhichao Tian and Xinkai Zhang and Xing Jin and Xin Zhou and Binghui Si and Xing Shi},
	keywords = {Energy efficient, Design optimization, Passive building design},
}


@article{Tamke2018,
	author = {Martin Tamke and Paul Nicholas and Mateusz Zwierzycki},
	title ={Machine learning for architectural design: Practices and infrastructure},
	journal = {International Journal of Architectural Computing},
	volume = {16},
	number = {2},
	pages = {123-143},
	year = {2018},
	doi = {https://doi.org/10.1177/1478077118778580},
	URL = {},
	eprint = {},
}


@article{Zhu2020,
	title = {Uncertainty calibration of building energy models by combining approximate Bayesian computation and machine learning algorithms},
	journal = {Applied Energy},
	volume = {268},
	pages = {115025},
	year = {2020},
	issn = {0306-2619},
	doi = {https://doi.org/10.1016/j.apenergy.2020.115025},
	url = {https://www.sciencedirect.com/science/article/pii/S0306261920305377},
	author = {Chuanqi Zhu and Wei Tian and Baoquan Yin and Zhanyong Li and Jiaxin Shi},
	keywords = {Approximate Bayesian computation, Building energy, Model calibration, Machine learning, Sensitivity analysis},
}


@article{Thieblemont2017,
	title = {Predictive control strategies based on weather forecast in buildings with energy storage system: A review of the state-of-the art},
	journal = {Energy and Buildings},
	volume = {153},
	pages = {485-500},
	year = {2017},
	issn = {0378-7788},
	doi = {https://doi.org/10.1016/j.enbuild.2017.08.010},
	url = {https://www.sciencedirect.com/science/article/pii/S0378778816320333},
	author = {H\'{e}l\`{e}ne Thieblemont and Fariborz Haghighat and Ryozo Ooka and Alain Moreau},
	keywords = {Storage, Predictive control, Model predictive control, Weather forecasting},
}


@article{Bode2020,
	title = {Real-world application of machine-learning-based fault detection trained with experimental data},
	journal = {Energy},
	volume = {198},
	pages = {117323},
	year = {2020},
	issn = {0360-5442},
	doi = {https://doi.org/10.1016/j.energy.2020.117323},
	url = {https://www.sciencedirect.com/science/article/pii/S0360544220304308},
	author = {Gerrit Bode and Simon Thul and Marc Baranski and Dirk Müller},
	keywords = {Building automation and control, Fault detection, Heat pump, Machine learning, Big data},
}



@article{Gilles2017,
	title = {Decision-making based on network visualization applied to building life cycle optimization},
	journal = {Sustainable Cities and Society},
	volume = {35},
	pages = {565-573},
	year = {2017},
	issn = {2210-6707},
	doi = {https://doi.org/10.1016/j.scs.2017.09.006},
	url = {https://www.sciencedirect.com/science/article/pii/S221067071730731X},
	author = {Fraisse Gilles and Souyri Bernard and Axaopoulos Ioannis and Rouchier Simon},
	keywords = {Decision-making, Surrogate model, Computational time, Multi-objective optimization, Satisfaction function},
}


@article{Edwards2017,
	title = {Constructing large scale surrogate models from big data and artificial intelligence},
	journal = {Applied Energy},
	volume = {202},
	pages = {685-699},
	year = {2017},
	issn = {0306-2619},
	doi = {https://doi.org/10.1016/j.apenergy.2017.05.155},
	url = {https://www.sciencedirect.com/science/article/pii/S0306261917307043},
	author = {Richard E. Edwards and Joshua New and Lynne E. Parker and Borui Cui and Jin Dong},
	keywords = {Machine learning, EnergyPlus, Building simulation, Energy modeling, Surrogate model},
}


@article{Wang2017,
	title = {A review of artificial intelligence based building energy use prediction: Contrasting the capabilities of single and ensemble prediction models},
	journal = {Renewable and Sustainable Energy Reviews},
	volume = {75},
	pages = {796-808},
	year = {2017},
	issn = {1364-0321},
	doi = {https://doi.org/10.1016/j.rser.2016.10.079},
	url = {https://www.sciencedirect.com/science/article/pii/S1364032116307420},
	author = {Zeyu Wang and Ravi S. Srinivasan},
	keywords = {Building energy use prediction, Artificial intelligence, Neural network, Support vector regression, Ensemble model},
}



@article{Hong2020,
	title = {State-of-the-art on research and applications of machine learning in the building life cycle},
	journal = {Energy and Buildings},
	volume = {212},
	pages = {109831},
	year = {2020},
	issn = {0378-7788},
	doi = {https://doi.org/10.1016/j.enbuild.2020.109831},
	url = {https://www.sciencedirect.com/science/article/pii/S0378778819337879},
	author = {Tianzhen Hong and Zhe Wang and Xuan Luo and Wanni Zhang},
	keywords = {Machine learning, Artificial intelligence, Buildings, Building life cycle, Building control, Building performance},
}

@article{Roman2020,
	title = {Application and characterization of metamodels based on artificial neural networks for building performance simulation: A systematic review},
	journal = {Energy and Buildings},
	volume = {217},
	pages = {109972},
	year = {2020},
	issn = {0378-7788},
	doi = {https://doi.org/10.1016/j.enbuild.2020.109972},
	url = {https://www.sciencedirect.com/science/article/pii/S037877881933751X},
	author = {Nadia D. Roman and Facundo Bre and Victor D. Fachinotti and Roberto Lamberts},
	keywords = {Energy efficient buildings, Building performance simulation, Metamodel, Surrogate model, Artificial neural networks},
}


@article{Geyer2018,
	title = {Component-based machine learning for performance prediction in building design},
	journal = {Applied Energy},
	volume = {228},
	pages = {1439-1453},
	year = {2018},
	issn = {0306-2619},
	doi = {https://doi.org/10.1016/j.apenergy.2018.07.011},
	url = {https://www.sciencedirect.com/science/article/pii/S0306261918310389},
	author = {Philipp Geyer and Sundaravelpandian Singaravel},
	keywords = {Component-based machine learning, Systems engineering, Parametric systems modeling, Building performance prediction, Building simulation},
}

@article{Naji2016,
	title = {Estimating building energy consumption using extreme learning machine method},
	journal = {Energy},
	volume = {97},
	pages = {506-516},
	year = {2016},
	issn = {0360-5442},
	doi = {https://doi.org/10.1016/j.energy.2015.11.037},
	url = {https://www.sciencedirect.com/science/article/pii/S036054421501587X},
	author = {Sareh Naji and Afram Keivani and Shahaboddin Shamshirband and U. Johnson Alengaram and Mohd Zamin Jumaat and Zulkefli Mansor and Malrey Lee},
	keywords = {Energy consumption, Residential buildings, Estimation, Energy efficiency, ELM (extreme learning machine)},
}


@inproceedings{Zhang2018,
	author = {Zhang, Zhiang and Chong, Adrian and Pan, Yuqi and Zhang, Chenlu and Lu, Siliang and Lam, Khee},
	year = {2018},
	month = {09},
	pages = {},
	title = {A Deep Reinforcement Learning Approach to Using Whole Building Energy Model For HVAC Optimal Control}
}


@INPROCEEDINGS{Prasad2019,  
	author={A. {Prasad} and I. {Dusparic}},  
	booktitle={2019 IEEE PES Innovative Smart Grid Technologies Europe (ISGT-Europe)},  
	title={Multi-agent Deep Reinforcement Learning for Zero Energy Communities},   
	year={2019},  
	volume={},  
	number={},  
	pages={1-5},  
	doi={10.1109/ISGTEurope.2019.8905628}
}

