@article{Multisets1989,
	author = {Blizard, Wayne D.},
	doi = {10.1305/ndjfl/1093634995},
	issn = {19390726},
	journal = {Notre Dame Journal of Formal Logic},
	number = {1},
	pages = {36--66},
	title = {Multiset theory},
	volume = {30},
	year = {1989}
}

@book{DiscreteMath2003,
	author = {Hein, James L.},
	isbn = {0-7637-2210-3},
	publisher = {Jones \& Bartlett Publishers},
	title = {Discrete Mathematics},
	year = {2003}
}


VON MISES - FISHER DISTRIBUTION


@article{Fisher1953,
	author = {Fisher, R.},
	doi = {10.1098/rspa.1953.0064},
	issn = {1364-5021},
	journal = {Proceedings of the Royal Society A: Mathematical, Physical and Engineering Sciences},
	number = {1130},
	pages = {295--305},
	title = {{Dispersion on a Sphere}},
	volume = {217},
	year = {1953}
}

@article{Watson1982,
	author = {Watson, Geoffrey S},
	doi = {10.2307/3213566},
	issn = {0021-9002},
	journal = {Journal of Applied Probability},
	month = {jul},
	number = {A},
	pages = {265--280},
	title = {{Distributions on the circle and sphere}},
	url = {https://www.cambridge.org/core/product/identifier/S0021900200034628/type/journal_article},
	volume = {19},
	year = {1982}
}

--- modified bessel functions for VMises-Fisher distribution

@book{Abramowitz1972,
	author = {Abramowitz, M. and Stegun, I. A.},
	isbn = {},
	publisher = {New York: Dover},
	title = {Handbook of Mathematical Functions with Formulas, Graphs, and Mathematical Tables},
	edition={9},
	year = {1972},
}

POWER LAW DISTRIBUTION

@article{Newman2005,
	archivePrefix = {arXiv},
	arxivId = {cond-mat/0412004},
	author = {Newman, M. E.J.},
	doi = {https://doi.org/10.1080/00107510500052444},
	eprint = {0412004},
	issn = {00107514},
	journal = {Contemporary Physics},
	number = {5},
	pages = {323--351},
	primaryClass = {cond-mat},
	title = {{Power laws, Pareto distributions and Zipf's law}},
	volume = {46},
	year = {2005}
}


DIVERGENCES

@article{kullback1951,
	author = {Kullback, S. and Leibler, R.A.},
	doi = {10.1214/aoms/1177729694},
	fjournal = {The Annals of Mathematical Statistics},
	journal = {Ann. Math. Statist.},
	month = {03},
	number = {1},
	pages = {79--86},
	publisher = {The Institute of Mathematical Statistics},
	title = {On Information and Sufficiency},
	url = {https://doi.org/10.1214/aoms/1177729694},
	volume = {22},
	year = {1951}
}


@book{KLdiv_59,
	author = {Solomon Kullback},
	title = {Information Theory and Statistics},
	year  = {1968},
	publisher = {Dover Publications}
}


@book{Bishop:2006:PRM:1162264,
	author = {Bishop, C.M.},
	title = {Pattern Recognition and Machine Learning (Information Science and Statistics)},
	year = {2006},
	isbn = {0387310738},
	publisher = {Springer-Verlag},
	address = {Berlin, Heidelberg},
} 


@book{MacKay:2002:ITI:971143,
	author = {MacKay, D.J.C.},
	title = {Information Theory, Inference \& Learning Algorithms},
	year = {2002},
	isbn = {0521642981},
	publisher = {Cambridge University Press},
	address = {New York, NY, USA},
} 


@article{JSdiv_87,
	author = {Amari, S.I. and Barndorff-Nielsen, O.E. and Kass, R.E. and Lauritzen, S.L. and Rao, C.R.},
	journal = {Lecture Notes Monograph Series},
	publisher = {Institute of Mathematical Statistics},
	title = {Differential Geometry in
	Statistical Inference},
	volume = {10},
	year = {1987}
}

@ARTICLE{JSdiv_Lin91, 
	author={J. Lin}, 
	journal={IEEE Transactions on Information Theory}, 
	title={Divergence measures based on the Shannon entropy}, 
	year={1991}, 
	volume={37}, 
	number={1}, 
	pages={145-151}, 
	keywords={entropy;information theory;information theory;Shannon entropy;divergence measures;variational distance;probability of misclassification error;nonnegativity;finiteness;semiboundedness;boundedness;Entropy;Probability distribution;Upper bound;Pattern analysis;Signal analysis;Signal processing;Pattern recognition;Taxonomy;Genetics;Computer science}, 
	doi={10.1109/18.61115}, 
	ISSN={0018-9448}, 
	month={Jan},
}


---------- k-CORES FOR GRAPHS --------------

@InProceedings{Bollobas1984_kcores,
	author = {Bollobás, B.},
	title = {The evolution of sparse graphs},
	booktitle = {Graph Theory and Combinatorics: Cambridge 1983},
	year = {1984},
	editor = {},
	volume = {},
	number = {},
	series = {},
	pages = {35--37},
	address = {London},
	publisher = {Academic Press},
}

@article{riordan_2008,
	title={The k-Core and Branching Processes}, 
	volume={17}, 
	DOI={10.1017/S0963548307008589}, 
	number={1}, 
	journal={Combinatorics, Probability and Computing}, 
	publisher={Cambridge University Press}, 
	author={Riordan, O.}, 
	year={2008}, 
	pages={111–136}
}




PHASE TRANSITION


@article{Jaeger1998_PHASETRANSITION,
	author = {Jaeger, Gregg},
	issn = {1432-0657},
	journal = {Archive for History of Exact Sciences},
	pages = {51--81},
	title = {{The Ehrenfest Classification of Phase Transitions: Introduction and Evolution}},
	year = {1998},
	doi = {10.1007/s004070050021},
	volume = {53},
	issue = {1}
}


@misc{engtoolbox_PHASETRANSITION_ACETONE,
	title = {Acetone - Density and Specific Weight},
	howpublished = {\url{https://www.engineeringtoolbox.com/acetone-2-propanone-density-specific-weight-temperature-pressure-d_2038.html}},
	note = {Accessed on: 2022-03-11}
}

NUMPY PAPER (E.G., USEFUL FOR CITING VECTORIZATION OPERATIONS)

@ARTICLE{NumpyPaper2011,  
author={{van der Walt}, Stefan and Colbert, {S. Chris} and Varoquaux, Gael},  
journal={Computing in Science \& Engineering},   
title={The NumPy Array: A Structure for Efficient Numerical Computation},   
year={2011},  
volume={13},  
number={2},  
pages={22-30},  
doi={10.1109/MCSE.2011.37}
}


TENSORFLOW GRAPHS

@misc{TFgraphs,
author = {TensorFlow},
title  = {Introduction to graphs and tf.function},
date = {2022-10-05},
note = {Accessed on 2022-10-05},
url = {https://www.tensorflow.org/guide/intro_to_graphs}
}

TENSORFLOW FOR HPC

@INPROCEEDINGS{TF4HPC,  
author={Chien, {Steven W. D.} and Markidis, Stefano and Olshevsky, Vyacheslav and Bulatov, Yaroslav and Laure, Erwin and Vetter, Jeffrey},  
booktitle={2019 IEEE International Parallel and Distributed Processing Symposium Workshops (IPDPSW)},   
title={TensorFlow Doing HPC},   
year={2019},  
volume={},  
number={},  
pages={509-518},  
doi={10.1109/IPDPSW.2019.00092}
}


EDGE DETECTION

@ARTICLE{SheppLoganPhantom_1974,
  author={Shepp, L. A. and Logan, B. F.},
  journal={IEEE Transactions on Nuclear Science}, 
  title={The Fourier reconstruction of a head section}, 
  year={1974},
  volume={21},
  number={3},
  pages={21-43},
  doi={10.1109/TNS.1974.6499235}}

