# # previous version includes this first line: @PREAMBLE{ {\providecommand{\noopsort}[1]{}}}

@Article{BPSa,
	AUTHOR = {Berrone, Stefano and Pieraccini, Sandra and Scial{\`o}, Stefano},
	TITLE = {A {PDE}-constrained optimization formulation for discrete fracture network flows},
	JOURNAL = {SIAM J. Sci. Comput.},
	FJOURNAL = {SIAM Journal on Scientific Computing},
	VOLUME = {35},
	YEAR =  {2013},
	NUMBER = {2},
	PAGES = {B487--B510},
	ISSN =	{1064-8275},
	CODEN =	{SJOCE3},
	MRCLASS =	{65N30 (49M25 65K10 65N15 65N50 76S05)},
	MRNUMBER =	3038028,
	MRREVIEWER = {Marius Ghergu},
	DOI = {10.1137/120865884},
}
# previous version: YEAR =  {{\noopsort{2013a}}2013},

@Article{BPSb,
	AUTHOR = {Berrone, Stefano and Pieraccini, Sandra and Scial{\`o}, Stefano},
	TITLE =	{On simulations of discrete fracture network flows with an optimization-based extended finite element method},
	JOURNAL = {SIAM J. Sci. Comput.},
	FJOURNAL =	{SIAM Journal on Scientific Computing},
	VOLUME = {35},
	YEAR =	{2013},
	NUMBER = {2},
	PAGES =	{A908--A935},
	ISSN = {1064-8275},
	CODEN =	{SJOCE3},
	MRCLASS = {65N30 (65K10 76S05)},
	MRNUMBER =	3038026,
	DOI = {10.1137/120882883},
	URL = {http://dx.doi.org/10.1137/120882883}
}
# previous version: YEAR = {{\noopsort{2013b}}2013},

@Article{BPSc,
	AUTHOR = {Berrone, Stefano and Pieraccini, Sandra and Scial{\`o}, Stefano},
	TITLE = {An optimization approach for large scale simulations of discrete fracture network flows},
	JOURNAL = {J. Comput. Phys.},
	FJOURNAL = {Journal of Computational Physics},
	VOLUME = 256,
	YEAR = 2014,
	PAGES =	{838--853},
	DOI = {10.1016/j.jcp.2013.09.028},
	issn = {0021-9991},
}

@article{BPSd,
	author = {Berrone, Stefano and Pieraccini, Sandra and Scial{\`o}, Stefano},
	title =	{Towards effective flow simulations in realistic discrete fracture networks},
	journal = {J. Comput. Phys.},
	fjournal = {Journal of Computational Physics},
	year = 2016,
	volume = 310,
	pages =	{181--201},
	DOI = {10.1016/j.jcp.2016.01.009},
}

@article{BPSe,
	author = {Berrone, Stefano and Pieraccini, Sandra and Scial{\`o}, Stefano},
	title =	{Non-stationary transport phenomena in networks of fractures: Effective simulations and stochastic analysis},
	journal = {Computer Methods in Applied Mechanics and Engineering},
	volume = 315,
	pages =	{1098 - 1112},
	year = 2017,
	doi = {10.1016/j.cma.2016.12.006},
}

@article{BPSV,
	AUTHOR = {Berrone, Stefano and Pieraccini, Sandra and Scial{\`o}, Stefano and Vicini, Fabio},
	title = {A parallel solver for large scale {DFN} flow simulations},
	JOURNAL = {SIAM J. Sci. Comput.},
	FJOURNAL =	{SIAM Journal on Scientific Computing},
	year = 2015,
	volume = 37,
	number = 3,
	pages =	{C285--C306},
	DOI = {10.1137/140984014}
}

@article{BBoS,
	author = {Berrone, Stefano and Borio, Andrea and Scial{\`o}, Stefano},
	title =	{A posteriori error estimate for a {PDE}-constrained optimization formulation for the flow in {DFN}s},
	journal = {SIAM J. Numer. Anal.},
	fjournal = {SIAM Journal on Numerical Analysis},
	year = 2016,
	volume = 54,
	NUMBER = 1,
	pages = {242--261},
	DOI = {10.1137/15M1014760},
}

@Article{BDV,
	author = {Berrone, Stefano and D'Auria, Alessandro and Vicini, Fabio},
	title =	 {Fast and robust flow simulations in Discrete Fracture Networks with {GPGPUs}},
	journal = {GEM - International Journal on Geomathematics},
	year = 2019,
	issn = {1869-2680},
	note = {to appear.},
}

@Article{BCPS,
	author = {Berrone, Stefano and Canuto, Claudio and Pieraccini, Sandra and
	Scial{\`o}, Stefano},
	title =	{Uncertainty quantification in Discrete Fracture Network models: stochastic fracture transmissivity},
	JOURNAL = {Comput. Math. Appl.},
	FJOURNAL = {Computer \& Mathematics with Applications},
	VOLUME = 70,
	NUMBER = 4,
	YEAR = 2015,
	PAGES = {603--623},
	DOI = {10.1016/j.camwa.2015.05.013}
}

@article{CPX,
	author = {Canuto, Claudio and Pieraccini, Sandra and Xiu, D.},
	title = {Uncertainty quantification of discontinuous outputs via a non-intrusive bifidelity strategy},
	journal = {Journal of Computational Physics},
	volume = 398,
	year = 2019,
	issn = {0021-9991},
	doi = {https://doi.org/10.1016/j.jcp.2019.108885},
}

@article{BBPS,
	title =	{The virtual element method for discrete fracture
	network simulations},
	journal = {Comput. Methods Appl. Mech. Engrg.},
	fjournal = {Computer Methods in Applied Mechanics and Engineering},
	volume = 280,
	number = 0,
	pages = {135 - 156},
	year = 2014,
	issn = {0045-7825},
	doi = {10.1016/j.cma.2014.07.016},
	author = {Benedetto, M.F. and Berrone, Stefano and Pieraccini, Sandra and Scial{\`o}, Stefano},
}

@misc{DFNprogram,
	author = {{GEOSCORE Research group}},
	title = {GEO++},
	howpublished = {\url{https://areeweb.polito.it/geoscore/software/}},
	note = {Department of Mathematical Sciences, Politecnico di Torino.}
}